
@unpublished{Goodfellow-et-al-2016-Book,
    title={Deep Learning},
    author={Ian Goodfellow and Yoshua Bengio and Aaron Courville},
    note={Book in preparation for MIT Press},
    url={http://www.deeplearningbook.org},
    year={2016}
}

@book{jurafsky2014speech,
  title={Speech and language processing},
  author={Jurafsky, Dan and Martin, James H},
  volume={3},
  year={2014},
  publisher={Pearson London}
}

 @incollection{unger2014introduction,
  title={An introduction to question answering over linked data},
  author={Unger, Christina and Freitas, Andr{\'e} and Cimiano, Philipp},
  booktitle={Reasoning Web. Reasoning on the Web in the Big Data Era},
  pages={100--140},
  year={2014},
  publisher={Springer}
}
@inproceedings{bordes2014open,
  title={Open question answering with weakly supervised embedding models},
  author={Bordes, Antoine and Weston, Jason and Usunier, Nicolas},
  booktitle={Joint European Conference on Machine Learning and Knowledge Discovery in Databases},
  pages={165--180},
  year={2014},
  organization={Springer}
}
@article{bordes2014question,
  title={Question answering with subgraph embeddings},
  author={Bordes, Antoine and Chopra, Sumit and Weston, Jason},
  journal={arXiv preprint arXiv:1406.3676},
  year={2014}
}
@inproceedings{dong2015question,
  title={Question Answering over Freebase with Multi-Column Convolutional Neural Networks.},
  author={Dong, Li and Wei, Furu and Zhou, Ming and Xu, Ke},
  booktitle={ACL (1)},
  pages={260--269},
  year={2015}
}
@inproceedings{hao2017end,
  title={An End-to-End Model for Question Answering over Knowledge Base with Cross-Attention Combining Global Knowledge},
  author={Hao, Yanchao and Zhang, Yuanzhe and Liu, Kang and He, Shizhu and Liu, Zhanyi and Wu, Hua and Zhao, Jun},
  booktitle={Proceedings of the 55th Annual Meeting of the Association for Computational Linguistics (Volume 1: Long Papers)},
  volume={1},
  pages={221--231},
  year={2017}
}
@inproceedings{chen2017reading,
    title={Reading {Wikipedia} to Answer Open-Domain Questions},
    author={Chen, Danqi and Fisch, Adam and Weston, Jason and Bordes, Antoine},
    booktitle={Association for Computational Linguistics (ACL)},
    year={2017}
  }
  
@article{bahdanau2014neural,
  title={Neural machine translation by jointly learning to align and translate},
  author={Bahdanau, Dzmitry and Cho, Kyunghyun and Bengio, Yoshua},
  journal={arXiv preprint arXiv:1409.0473},
  year={2014}
}
@article{rush2015neural,
  title={A neural attention model for abstractive sentence summarization},
  author={Rush, Alexander M and Chopra, Sumit and Weston, Jason},
  journal={arXiv preprint arXiv:1509.00685},
  year={2015}
}
@inproceedings{wang2016inner,
  title={Inner Attention based Recurrent Neural Networks for Answer Selection.},
  author={Wang, Bingning and Liu, Kang and Zhao, Jun},
  booktitle={ACL (1)},
  year={2016}
}
@article{yin2016simple,
  title={Simple question answering by attentive convolutional neural network},
  author={Yin, Wenpeng and Yu, Mo and Xiang, Bing and Zhou, Bowen and Sch{\"u}tze, Hinrich},
  journal={arXiv preprint arXiv:1606.03391},
  year={2016}
}
@article{salton1988term,
  title={Term-weighting approaches in automatic text retrieval},
  author={Salton, Gerard and Buckley, Christopher},
  journal={Information processing \& management},
  volume={24},
  number={5},
  pages={513--523},
  year={1988},
  publisher={Elsevier}
}
@article{hochreiter1997long,
  title={Long short-term memory},
  author={Hochreiter, Sepp and Schmidhuber, J{\"u}rgen},
  journal={Neural computation},
  volume={9},
  number={8},
  pages={1735--1780},
  year={1997},
  publisher={MIT Press}
}
@inproceedings{pennington2014glove,
  title={Glove: Global vectors for word representation},
  author={Pennington, Jeffrey and Socher, Richard and Manning, Christopher},
  booktitle={Proceedings of the 2014 conference on empirical methods in natural language processing (EMNLP)},
  pages={1532--1543},
  year={2014}
}
@article{nguyen2016ms,
  title={Ms marco: A human generated machine reading comprehension dataset},
  author={Nguyen, Tri and Rosenberg, Mir and Song, Xia and Gao, Jianfeng and Tiwary, Saurabh and Majumder, Rangan and Deng, Li},
  journal={arXiv preprint arXiv:1611.09268},
  year={2016}
}