@inproceedings{bowman2017probabilistic,
  title={Probabilistic data association for semantic slam},
  author={Bowman, Sean L and Atanasov, Nikolay and Daniilidis, Kostas and Pappas, George J},
  booktitle={Robotics and Automation (ICRA), 2017 IEEE International Conference on},
  pages={1722--1729},
  year={2017},
  organization={IEEE}
}
@inproceedings{atanasov2018unifying,
  title={A Unifying View of Geometry, Semantics, and Data Association in SLAM.},
  author={Atanasov, Nikolay and Bowman, Sean L and Daniilidis, Kostas and Pappas, George J},
  booktitle={IJCAI},
  pages={5204--5208},
  year={2018}
}