
@inproceedings{bolme2010visual,
  title={Visual object tracking using adaptive correlation filters},
  author={Bolme, David S and Beveridge, J Ross and Draper, Bruce A and Lui, Yui Man},
  booktitle={Computer Vision and Pattern Recognition (CVPR), 2010 IEEE Conference on},
  pages={2544--2550},
  year={2010},
  organization={IEEE}
}
@inproceedings{henriques2012exploiting,
  title={Exploiting the circulant structure of tracking-by-detection with kernels},
  author={Henriques, Jo{\~a}o F and Caseiro, Rui and Martins, Pedro and Batista, Jorge},
  booktitle={European conference on computer vision},
  pages={702--715},
  year={2012},
  organization={Springer}
}

@article{henriques2015high,
  title={High-speed tracking with kernelized correlation filters},
  author={Henriques, Jo{\~a}o F and Caseiro, Rui and Martins, Pedro and Batista, Jorge},
  journal={IEEE Transactions on Pattern Analysis and Machine Intelligence},
  volume={37},
  number={3},
  pages={583--596},
  year={2015},
  publisher={IEEE}
}
@InProceedings{DanelljanCVPR2017,
Title = {ECO: Efficient Convolution Operators for Tracking},
Author = {Danelljan, Martin and Bhat, Goutam and Shahbaz Khan, Fahad and Felsberg, Michael},
Booktitle = {CVPR},
Year = {2017}
}
@inproceedings{DanelljanECCV2016,
title = {Beyond Correlation Filters: Learning Continuous Convolution Operators for Visual Tracking},
author = {Danelljan, Martin and Robinson, Andreas and Shahbaz Khan, Fahad and Felsberg, Michael},
booktitle = {ECCV},
year = {2016}
}
@inproceedings{danelljan2015learning,
  title={Learning spatially regularized correlation filters for visual tracking},
  author={Danelljan, Martin and Hager, Gustav and Shahbaz Khan, Fahad and Felsberg, Michael},
  booktitle={Proceedings of the IEEE International Conference on Computer Vision},
  pages={4310--4318},
  year={2015}
}
@article{danelljan2017discriminative,
  title={Discriminative scale space tracking},
  author={Danelljan, Martin and H{\"a}ger, Gustav and Khan, Fahad Shahbaz and Felsberg, Michael},
  journal={IEEE transactions on pattern analysis and machine intelligence},
  volume={39},
  number={8},
  pages={1561--1575},
  year={2017},
  publisher={IEEE}
}
============HOG
@inproceedings{dalal2005histograms,
  title={Histograms of oriented gradients for human detection},
  author={Dalal, Navneet and Triggs, Bill},
  booktitle={Computer Vision and Pattern Recognition, 2005. CVPR 2005. IEEE Computer Society Conference on},
  volume={1},
  pages={886--893},
  year={2005},
  organization={IEEE}
}
@article{felzenszwalb2010object,
  title={Object detection with discriminatively trained part-based models},
  author={Felzenszwalb, Pedro F and Girshick, Ross B and McAllester, David and Ramanan, Deva},
  journal={IEEE transactions on pattern analysis and machine intelligence},
  volume={32},
  number={9},
  pages={1627--1645},
  year={2010},
  publisher={IEEE}
}
============CN
@inproceedings{van2007learning,
  title={Learning color names from real-world images},
  author={Van De Weijer, Joost and Schmid, Cordelia and Verbeek, Jakob},
  booktitle={Computer Vision and Pattern Recognition, 2007. CVPR'07. IEEE Conference on},
  pages={1--8},
  year={2007},
  organization={IEEE}
}
============DEEP
@article{chatfield2014return,
  title={Return of the devil in the details: Delving deep into convolutional nets},
  author={Chatfield, Ken and Simonyan, Karen and Vedaldi, Andrea and Zisserman, Andrew},
  journal={arXiv preprint arXiv:1405.3531},
  year={2014}
}

============Books
@misc{shewchuk1994introduction,
  title={An introduction to the conjugate gradient method without the agonizing pain},
  author={Shewchuk, Jonathan Richard and others},
  year={1994},
  publisher={Carnegie-Mellon University. Department of Computer Science}
}

@article{nasrabadi2007pattern,
  title={Pattern recognition and machine learning},
  author={Nasrabadi, Nasser M},
  journal={Journal of electronic imaging},
  volume={16},
  number={4},
  pages={049901},
  year={2007},
  publisher={International Society for Optics and Photonics}
}
@unpublished{Goodfellow-et-al-2016-Book,
    title={Deep Learning},
    author={Ian Goodfellow and Yoshua Bengio and Aaron Courville},
    note={Book in preparation for MIT Press},
    url={http://www.deeplearningbook.org},
    year={2016}
}

============Other
@inproceedings{ioffe2015batch,
  title={Batch normalization: Accelerating deep network training by reducing internal covariate shift},
  author={Ioffe, Sergey and Szegedy, Christian},
  booktitle={International Conference on Machine Learning},
  pages={448--456},
  year={2015}
}
@article{cooijmans2016recurrent,
  title={Recurrent batch normalization},
  author={Cooijmans, Tim and Ballas, Nicolas and Laurent, C{\'e}sar and G{\"u}l{\c{c}}ehre, {\c{C}}a{\u{g}}lar and Courville, Aaron},
  journal={arXiv preprint arXiv:1603.09025},
  year={2016}
}
@inproceedings{ng2002discriminative,
  title={On discriminative vs. generative classifiers: A comparison of logistic regression and naive bayes},
  author={Ng, Andrew Y and Jordan, Michael I},
  booktitle={Advances in neural information processing systems},
  pages={841--848},
  year={2002}
}
@article{bahdanau2014neural,
  title={Neural machine translation by jointly learning to align and translate},
  author={Bahdanau, Dzmitry and Cho, Kyunghyun and Bengio, Yoshua},
  journal={arXiv preprint arXiv:1409.0473},
  year={2014}
}
@article{rush2015neural,
  title={A neural attention model for abstractive sentence summarization},
  author={Rush, Alexander M and Chopra, Sumit and Weston, Jason},
  journal={arXiv preprint arXiv:1509.00685},
  year={2015}
}
@inproceedings{wang2016inner,
  title={Inner Attention based Recurrent Neural Networks for Answer Selection.},
  author={Wang, Bingning and Liu, Kang and Zhao, Jun},
  booktitle={ACL (1)},
  year={2016}
}
@article{yin2016simple,
  title={Simple question answering by attentive convolutional neural network},
  author={Yin, Wenpeng and Yu, Mo and Xiang, Bing and Zhou, Bowen and Sch{\"u}tze, Hinrich},
  journal={arXiv preprint arXiv:1606.03391},
  year={2016}
}
@inproceedings{goodfellow2014generative,
  title={Generative adversarial nets},
  author={Goodfellow, Ian and Pouget-Abadie, Jean and Mirza, Mehdi and Xu, Bing and Warde-Farley, David and Ozair, Sherjil and Courville, Aaron and Bengio, Yoshua},
  booktitle={Advances in neural information processing systems},
  pages={2672--2680},
  year={2014}
}
